% libros 
@book{Stahl:2006:MSD:1196766,
 author = {
    Stahl, Thomas and 
    Voelter, Markus and 
    Czarnecki, Krzysztof
 },
 title = {Model-Driven Software Development: Technology, Engineering, Management},
 year = {2006},
 isbn = {0470025700},
 publisher = {Wiley},
}


@book{models_to_code,
  TITLE = {Models to Code},
  SUBTITLE = {With No Mysterious Gaps},
  AUTHOR = {
    Leon Starr and 
    George Mangogna and 
    Stephen Mellor
  },
  YEAR = {2017}, 
  PUBLISHER = {Apress},
  ISBN = {978-1-4842-2217-1},
  DOI = {10.1007/978-1-4842-2217-1}
}



@book{dsl_xtext_xtend,
  TITLE = {Implementing Domain-Specific Languages with Xtext and Xtend - Second Edition},
  SUBTITLE = {Learn how to implement a DSL with Xtext and Xtend using easy-to-understand examples and best practices},
  AUTHOR = { Lorenzo Bettini },
  YEAR = {2016}, 
  PUBLISHER = {Packt Publishing},
  ISBN = {9781786464965},
}


@book{mda_distilled,
    author = {
        Mellor, Stephen J. and 
        Scott, Kendall and
        Weise, Dirk
    },
    isbn = {0201788918},
    pages = {150},
    publisher = {Addison-Wesley},
    title = {{MDA distilled: principles of model-driven architecture}},
    year = {2004}
}



% articulos


@article{scheduling_sporadic_aperiodic_events,
  author = {
    Sprunt, Brinkley and
    Sha, Lui and 
    Lehoczky, John
  },
  journal = "Software Engineering Institute, Carnegie Mellon University",
  year = 1989,
  title = "Scheduling Sporadic and Aperiodic Events in a Hard Real-Time System",
  doi = {10.1.1.207.9431},
  url = {http://citeseerx.ist.psu.edu/viewdoc/download?doi=10.1.1.207.9431&rep=rep1&type=pdf}
}

@article{mda_distilled_intro,
  author = "Mellor, Stephen J",
  journal = "Project Technology, Inc",
  year = 2003,
  title = "MDA Distilled",
  pages = {2,3},
  doi = {10.1.1.453.6508},
  url = {http://citeseerx.ist.psu.edu/viewdoc/download?doi=10.1.1.453.6508&rep=rep1&type=pdf}
}

@article{mda_wirtschaftsinformatik,
author = {
    Fettke, Peter and 
    Loos, Peter},
year = {2003},
month = {10},
pages = {555-559},
title = {Model driven architecture (MDA)},
volume = {45},
booktitle = {Wirtschaftsinformatik}
}


@article{shallow_embedded_dsl_arduino,
    author={
        Koopman, Pieter and 
        Plasmeijer, Rinus
    },
    editor="Serrano, Manuel
    and Hage, Jurriaan",
    title="A Shallow Embedded Type Safe Extendable DSL for the Arduino",
    booktitle="Trends in Functional Programming",
    year="2016",
    publisher="Springer International Publishing",
    address="Cham",
    pages="104--123",
    abstract="This paper extends our method to construct a shallow embedded domain specific language, DSL, embedded in a function programming language. We show how one can add functions and tasks that are typed by the type system of the functional host language.",
    isbn="978-3-319-39110-6"
}

% páginas web

@online{udima_diseno_avanzado_arquitecturas_software,
    title={Diseño avanzado en arquitecturas software},
    author={UDIMA},
    url={https://www.udima.es/es/diseno-avanzado-arquitecturas-software-master.html}
}


@online{modeling_language,
    title={Modeling languages},
    author={Jordi Cabot - ICREA Research en UOC},
    url={https://modeling-languages.com},
}

@online{raspberrypi,
  title = {Raspberry PI},
  author = {Raspberry foundation},
  url = {https://www.raspberrypi.org}
}

@online{beaglebone,
    author={Texas Instruments},
  title = {Beaglebone},
  url = {http://beagleboard.org}
}


@online{arduino,
  title = {Arduino},
  author = {Design Institute Ivrea},
  url = {https://www.arduino.cc},
}


@online{freertos,
  title = {FreeRTOS},
  author = {
    Richard Barry and
    Real Time Engineers Ltd
  },
  url = {https://www.freertos.org},
}

@online{esp8266,
  title = {ESP8266},
  author = {
    Espressif
  },
  url = {https://www.espressif.com},
}


@online{xtext,
  title = {Xtext},
  author = {Eclipse foundation},
  url = {https://www.eclipse.org/Xtext/},
}

@online{mps,
  title = {MPS},
  author = {Jetbrains s.r.o},
  url = {https://www.jetbrains.com/mps/},
}

@online{mps_licencia,
    title={MPS FAQ},
    author = {Jetbrains s.r.o},
    url={https://confluence.jetbrains.com/display/MPSD20181/FAQ}
}

@online{jetbrains,
  title = {Jetbrains},
  author = {Jetbrains s.r.o},
  url = {https://www.jetbrains.com/},
}

@online{intellijidea,
  title = {intelliJ Idea},
  author = {Jetbrains s.r.o},
  url = {https://www.jetbrains.com/idea/},
}

@online{mbeddr,
  title = {MBEDDR},
  author = {Eclipse foundation},
  url = {http://mbeddr.com/},
}

@online{clean_lang,
author={Software Technology Research Group of Radboud University Nijmegen},
title={Clean programming language},
url={https://clean.cs.ru.nl/Clean}
}

@online{openhab,
    title         = {openHab empowering the smart home},
    author        = { openHAB Foundation e.V. },
    year          = {2018},
    url           = {https://www.openhab.org}
}

@online{tfm_cesarlaso_codigo,
  title = {Código fuente del TFM},
  author = {Laso, César},
  url = {https://cesarlaso.com/udima/tfm/arquitectura-software-src.zip}
  }


@online{EclipseCon2005,
  title = {Eclipse},
  author = {Eclipse foundation},
  url = {https://www.eclipsecon.org/2005/presentations/EclipseCon2005_Tutorial11final.pdf},
}

@online{Eclipse,
  title = {Eclipse},
  author = {Eclipse foundation},
  url = {https://www.eclipse.org},
}

@online{Netbeans,
  title = {Netbeans},
  author = {Oracle},
  url = {https://www.netbeans.org},
}

@online{EclipseEMF,
  author = {Eclipse foundation},
  title = {Eclipse entity model framework},
  url = {https://www.eclipse.org/emf},
}

@online{sirius,
  author = {Eclipse foundation},
  title = {Eclipse Sirius},
  url = {https://www.eclipse.org/sirius/},
}

@online{junit,
  title = {JUnit},
  author = {
    Gamma,Erich and 
    Beck, Kent},
  url = {https://junit.org},
}

@inline{Xtend,
    title={Xtend is a flexible and expressive dialect of Java},
    author={Eclipse foundation},
    url={http://www.eclipse.org/xtend/}
}

@inline{Scala,
    title={The Scala Programming Language},
    author={École Polytechnique Fédérale Lausanne (EPFL)},
    url={https://www.scala-lang.org}
}



@inline{Kotlin,
    title={Statically typed programming language
for modern multiplatform applications},
    author = {Jetbrains s.r.o},
    url={https://kotlinlang.org}
}

@online{Latex,
author={Lamport, Leslie},
  title = {LaTeX – A document preparation system},
  url = {https://www.latex-project.org},
}

@online{Vim,
author={Moolenaar, Bram},
  title = {Vim - the ubiquitous text editor},
  url = {http://www.vim.org},
}



@online{gmp,
    title={Eclipse graphical modeling proyect},
    author={Eclipse foundation},
    url={http://www.eclipse.org/modeling/gmp/},
    urldate={2018-06}
}

@online{gmf_tutorial,
    title={GMF tutorial},
    author={Eclipse foundation},
    url={https://wiki.eclipse.org/Graphical_Modeling_Framework/Tutorial/Part_1}
}

@online{TheConfigurationComplexityClock,
author={Hadlow, Mike},
  title = {The configuration complexity clock},
  url = {http://mikehadlow.blogspot.com/2012/05/configuration-complexity-clock.html},
}



@online{TheDevelopmentAbstractionLayer,
  title = {The development abstraction layer},
  author = {Spolsky, Joel},
  url = {https://www.joelonsoftware.com/2006/04/11/the-development-abstraction-layer-2/},
}



@online{emf4cpp_home,
  title = {C++ implementation and type mapping for the Eclipse Modeling Framework (EMF) core},
  author = {Cátedra SAES - Universidad Murcia},
  url = {https://www.catedrasaes.org/html/projects/EMF4CPP/EMF4CPP.html}
}

@online{emf4cpp_code,
  title = {C++ EMF Implementation code},
  author = {Cátedra SAES - Universidad Murcia},
  url = {https://github.com/catedrasaes-umu/emf4cpp}
  }

@online{haskell, 
    author={
        Universidad de Yale and 
        Universidad de Glasgow
    },
    title = {Haskell},
    url = {https://www.haskell.org/}
}

@online{sharelatex,
    author={Overleaf},
    title={Share latex},
    url= {https://sharelatex.com/}
}


@online{jface,
    title={Framework JFace eclipse},
    author={Eclipse foundation},
    url={https://wiki.eclipse.org/JFace#More_information}
}

@online{emf_edit,
    author={Eclipse foundation},
    title={Ayuda referencia EMF Edit},
    url={http://help.eclipse.org/galileo/index.jsp?topic=/org.eclipse.emf.doc/references/overview/EMF.Edit.html},
    urldate = {2018-06}, 
}

@online{uml,
    title={Unified Modeling Language Specification},
    author={Object Management Group},
    url={https://www.omg.org/spec/UML},
    year="2017"
}

@online{mof,
    title={The MetaObject Facility Specification},
    author={Object Management Group},
    url={https://www.omg.org/spec/MOF},
    year="2016"
}
@online{xmi,
    title={XML Metadata Interchange Specification},
    author={Object Management Group},
    url={https://www.omg.org/spec/XMI},
    year="2015"
}

@online{edoc,
    title={UML Profile for Enterprise Distributed Object Computing Specification},
    author={Object Management Group},
    url={https://www.omg.org/spec/EDOC},
    year="2004"
}
@online{spem,
    title={Software & Systems Process Engineering Metamodel Specification},
    author={Object Management Group},
    url={https://www.omg.org/spec/SPEM},
    year="2008"
}
@online{cwm,
    title={CWM Metadata Interchange Patterns Specification},
    author={Object Management Group},
    url={https://www.omg.org/spec/MIPS},
    year="2004",
}
@online{uml_executable,
    title={Semantics of a Foundational Subset for Executable UML Models},
    author={Object Management Group},
    url={https://www.omg.org/spec/FUML},
    year="2017",
}

@online{ocl,
    title={Constraint Language Specification},
    author={Object Management Group},
    url={https://www.omg.org/spec/OCL},
    year="2014",
}
